@misc{castillofelisola2024polynomialaffinemodelgravity,
      title={A polynomial affine model of gravity: after ten years}, 
      author={Oscar Castillo-Felisola and Bastian Grez and Manuel Morocho-López and Jose Perdiguero and Aureliano Skirzewski and Jefferson Vaca and Nicolas Zambra-Gómez},
      year={2024},
      eprint={2412.21122},
      archivePrefix={arXiv},
      primaryClass={gr-qc},
      url={https://arxiv.org/abs/2412.21122}, 
}

@book{poisson2014gravity,
  title={Gravity: Newtonian, Post-Newtonian, Relativistic},
  author={Poisson, E. and Will, C.M.},
  isbn={9781107032866},
  lccn={2014012291},
  url={https://books.google.cl/books?id=PZ5cAwAAQBAJ},
  year={2014},
  publisher={Cambridge University Press}
}